@inproceedings{dftl,
	author = {Gupta, Aayush and Kim, Youngjae and Urgaonkar, Bhuvan},
	title = {{DFTL: A flash translation layer employing demand-based selective caching of page-level address mappings}},
	booktitle = {Proceedings of the Conference on Architectural Support for Programming Languages and Operating Systems},
	year = {2009},
	pages = {229–240},
}
	#booktitle = {Proceedings of the Conference on Architectural Support for Programming Languages and Operating Systems},

@inproceedings{hashftl,
	author = {Fan Ni and Chunyi Liu and Yang Wang and Chengzhong Xu and Xiao Zhang and Song Jiang},
	title = {{A hash-based space-efficient page-level FTL for large-capacity SSDs}},
	booktitle = {Proceedings of the International Conference on Networking, Architecture, and Storage},
	year = {2017},
}

@article{3D-Nand,
  title={{A Survey of 3D Nand Flash Memory}},
  author={Arya, Pranav},
  journal={EECS Int'l Graduate Program, National Chiao Tung University},
  volume={11},
  year={2012}
}

@inproceedings{multi-level-cell,
	title={{A high speed programming scheme for multi-level NAND flash memory}},
	author={YJ Choi, KD Suh, YN Koh, JW Park, KJ Lee, YJ Cho, BH Suh},
	booktitle={Symposium on VLSI Circuits. Digest of Technical Papers},
	year={(1996)},
	pages={170--171},
}

@inproceedings{four-plane1,
  author={Siau, Chang and Kim, Kwang-Ho and Lee, Seungpil and Isobe, Katsuaki and Shibata, Noboru and Verma, Kapil and Ariki, Takuya and Li, Jason and Yuh, Jong and Amarnath, Anirudh and Nguyen, Qui and Kwon, Ohwon and Jeong, Stanley and Li, Heguang and Hsu, Hua-Ling and Tseng, Tai-yuan and Choi, Steve and Darne, Siddhesh and Anantula, Pradeep and Yap, Alex and Chibvongodze, Hardwell and Miwa, Hitoshi and Yamashita, Minoru and Watanabe, Mitsuyuki and Hayashi, Koichiro and Kato, Yosuke and Miwa, Toru and Kang, Jang Yong and Okumura, Masatoshi and Ookuma, Naoki and Balaga, Muralikrishna and Ramachandra, Venky and Matsuda, Aki and Kulkani, Swaroop and Rachineni, Raghavendra and Manjunath, Pai K. and Takehara, Masahito and Pai, Anil and Rajendra, Srinivas and Hisada, Toshiki and Fukuda, Ryo and Tokiwa, Naoya and Kawaguchi, Kazuaki and Yamaoka, Masashi and Komai, Hiromitsu and Minamoto, Takatoshi and Unno, Masaki and Ozawa, Susumu and Nakamura, Hiroshi and Hishida, Tomoo and Kajitani, Yasuyuki and Lin, Lei},
  booktitle={Proceedings of the IEEE International Solid-State Circuits Conference}, 
  title={{13.5 A 512Gb 3-bit/Cell 3D Flash Memory on 128-Wordline-Layer with 132MB/s Write Performance Featuring Circuit-Under-Array Technology}}, 
  year={2019},
  pages={218-220},
}

@Book{ostep:ssd,
	author =       {Remzi H. Arpaci-Dusseau and Andrea C. Arpaci-Dusseau},
	title =        {Operating systems: Three easy pieces, flash-based SSDs},
	publisher =    {Arpaci-Dusseau Books},
	year =         {2019},
	edition =      {1.01},
	HOWPUBLISHED = {\url{http://pages.cs.wisc.edu/~remzi/OSTEP/file-ssd.pdf}},
}

@inproceedings{plr1,
  title={Fast algorithms for segmented regression},
  author={Acharya, Jayadev and Diakonikolas, Ilias and Li, Jerry and Schmidt, Ludwig},
  booktitle={Proceedings of PMLR International Conference on Machine Learning},
  pages={2878--2886},
  year={2016},
}

@inproceedings{plr2,
  title={An online algorithm for segmenting time series},
  author={Keogh, Eamonn and Chu, Selina and Hart, David and Pazzani, Michael},
  booktitle = {Proceedings of IEEE International Conference on Data Mining},
  pages={289--296},
  year={2001},
}

@inproceedings{1TB,
	title={{Ushering in the 3D memory era with V-NAND}},
	author={Elliott, Jim and Jung, ES},
	booktitle={Proceedings of Flash Memory Summit},
	year={2013},
}

@inproceedings{lightnvm,
  title={{LightNVM: The Linux Open-Channel SSD Subsystem}},
  author={Bj{\o}rling, Matias and Gonzalez, Javier and Bonnet, Philippe},
booktitle = {Proceedings of the USENIX Conference on File and Storage Technologies},
  pages={359--374},
  year={2017}
}

@inproceedings {ocssd,
    author = {Matias Bj{\o}rling and Javier Gonzalez and Philippe Bonnet},
    title = {{LightNVM: The Linux Open-Channel SSD Subsystem}},
	booktitle = {Proceedings of the USENIX Conference on File and Storage Technologies},
    year = {2017},
    pages = {359--374},
}

@inproceedings{no-inplace,
	title={{An adaptive striping architecture for flash memory storage systems of embedded systems}},
	author={Li-Pin Chang and Tei-Wei Kuo},
	booktitle={Proceedings of IEEE Real-Time and Embedded Technology and Applications Symposium},
	year={(2002)},
	pages={187--196},
}

@misc{32TB1,
	author = {Intel Corporation},
	title = {{Intel SSD D5-P5316 Series}},
	year = {2020},
 	HOWPUBLISHED = {\url{https://ark.intel.com/content/www/us/en/ark/products/208269/intel-ssd-d5p5316-series-30-72tb-2-5in-pcie-4-0-x4-3d4-qlc.html}},
}

@misc{32TB2,
	author = {Samsung Electronics},
	title = {{Samsung’s Highest Performing SAS Enterprise SSD to Take Server Storage Performance to Next Level}},
	year = {2021},
	HOWPUBLISHED = {\url{https://semiconductor.samsung.com/newsroom/news/samsungs-highest-performing-sas-enterprise-ssd-to-take-server-storage-performance-to-next-level/}},
}

@misc{32TB3,
	author = {Nimbus Data},
	title = {{ExaDrive NL}},
	year = {2020},
	HOWPUBLISHED = {\url{https://nimbusdata.com/docs/ExaDrive-NL-Datasheet.pdf}},
}

@misc{dm-zoned,
	author = {Damien Le Moal},
	title = {{dm-zoned: Zoned Block Device device mapper}},
	year = {2017},
	HOWPUBLISHED = {\url{https://lwn.net/Articles/714387/l}},
}

@misc{dm-zap,
	author = {Hans Holmberg},
	title = {{dm-zap: Host-based FTL for ZNS SSDs}},
	year = {2021},
	HOWPUBLISHED = {\url{https://github.com/westerndigitalcorporation/dm-zap}},
}

@misc{redis,
	author = {Redis Ltd.},
	title = {{Redis}},
	year = {2009},
	HOWPUBLISHED = {\url{https://redis.io/}},
}

@misc{trans,
	title={{NAND Flash Module Replacement for DRAM Module}},
	author={Selinger, R. D},
	year={(2012)},
	location={Washington, DC: U.S. Patent and Trademark Office},
	note={U.S. Patent No. 8,185,685. Washington},
}

@article{table-sz,
 author = {Yoo, Jinsoo and Oh, Joontaek and Lee, Seongjin and Won, Youjip and Ha, Jin-Yong and Lee, Jongsung and Shim, Junseok},
 title = {{OrcFS: Orchestrated file system for flash storage}},
 journal = {ACM Transactions on Storage},
 volume = {14},
 number = {2},
 year = {2018},
 pages = {17:1--17:26},
}


@inproceedings{tpftl,
 author = {Zhou, You and Wu, Fei and Huang, Ping and He, Xubin and Xie, Changsheng and Zhou, Jian},
 title = {{An efficient page-level FTL to optimize address translation in flash memory}},
 booktitle={Proceedings of the European Conference on Computer Systems},
 year = {2015},
}

#booktitle = {Proceedings of the European Conference on Computer Systems},

@article{hydra,
	title={{Hydra: A Block-mapped Parallel Flash Memory Solid-state Disk Architecture}},
	author={Seong, Yoon Jae and Nam, Eyee Hyun and Yoon, Jin Hyuk and Kim, Hongseok and Choi, Jin-yong and Lee, Sookwan and Bae, Young Hyun and Lee, Jaejin and Cho, Yookun and Min, Sang Lyul},
	journal={IEEE Transactions on Computers},
	volume={59},
	number={7},
	pages={905--921},
	year={2010},
}

@article{bloomfilter,
  title={Space/time trade-offs in hash coding with allowable errors},
  author={Bloom, Burton H},
  journal={Communications of the ACM},
  volume={13},
  number={7},
  pages={422--426},
  year={1970},
}

@inproceedings{silk,
  title={SILK: Preventing Latency Spikes in Log-Structured Merge Key-Value Stores},
  author={Balmau, Oana and Dinu, Florin and Zwaenepoel, Willy and Gupta, Karan and Chandhiramoorthi, Ravishankar and Didona, Diego},
  booktitle={Proceedings of the USENIX Annual Technical Conference},
  pages={753--766},
  year={2019}
}

@inproceedings {udepot,
author = {Kornilios, Kourtis and Nikolas, Ioannou and Ioannis, Koltsidas},
title = {Reaping the performance of fast {NVM} storage with {uDepot}},
booktitle = {Proceedings of the USENIX Conference on File and Storage Technologies},
year = {2019},
pages = {1--15},
}

@inproceedings{cloud,
  title={Consistency-based service level agreements for cloud storage},
  author={Terry, Douglas B and Prabhakaran, Vijayan and Kotla, Ramakrishna and Balakrishnan, Mahesh and Aguilera, Marcos K and Abu-Libdeh, Hussam},
  booktitle={Proceedings of the ACM Symposium on Operating Systems Principles},
  pages={309--324},
  year={2013}
}

@article{write-buffer,
  title={{Performance trade-offs in using NVRAM write buffer for flash memory-based storage devices}},
  author={Kang, Sooyong and Park, Sungmin and Jung, Hoyoung and Shim, Hyoki and Cha, Jaehyuk},
  journal={IEEE Transactions on Computers},
  volume={58},
  number={6},
  pages={744--758},
  year={2008},
}

@inproceedings{seq-write,
 author = {Kang, Jeong-Uk and Jo, Heeseung and Kim, Jin-Soo and Kim, Jin-Soo and Kim, Jin-Soo and Kim, Jin-Soo and Kim, Jin-Soo and Lee, Joonwon},
 title = {{A Superblock-based Flash Translation Layer for NAND Flash Memory}},
 booktitle = {Proceedings of the ACM \&Amp; IEEE International Conference on Embedded Software},
 year = {(2006)},
 pages = {161--170},
}

@inbook{fibo-hash,
	author={Bruno R. Preiss},
	title={Data Structures and Algorithms with Object-Oriented Design Patterns in C++},
	pages={214}
}

@inproceedings{sftl,
 author = {Jiang, Song and Lei Zhang and XinHao Yuan and Hao Hu and Yu Chen},
 title = {{S-FTL: An efficient address translation for flash memory by exploiting spatial locality}},
 booktitle = {Proceedings of the IEEE Symposium on Mass Storage Systems and Technologies},
 pages={1--12},
 year = {2011},
}

#booktitle = {Proceedings of the Symposium on Mass Storage Systems and Technologies},

@article{hybrid2,
 author = {Lee, Sungjin and Shin, Dongkun and Kim, Young-Jin and Kim, Jihong},
 title = {LAST: Locality-aware Sector Translation for NAND Flash Memory-based Storage Systems},
 journal = {ACM SIGOPS Operating Systems Review},
 volume = {42},
 number = {6},
 year = {2008},
 pages = {36--42},
}

@inproceedings{uftl,
  author = {Lee, Yong-Goo and Jung, Dawoon and Kang, Dongwon and Kim, Jin-Soo},
  title = {{$\mu$-FTL: A Memory-Efficient Flash Translation Layer Supporting Multiple Mapping Granularities}},
  year = {2008},
  booktitle = {Proceedings of the ACM International Conference on Embedded Software},
  pages = {21–30},
}

@inproceedings{cast,  
  author={Xu, Zhiyong and Li, Ruixuan and Xu, Cheng-Zhong},  
  booktitle={Proceedings of the IEEE International Performance Computing and Communications Conference}, 
  title={CAST: A page-level FTL with compact address mapping and parallel data blocks},   
  year={2012},  
  pages={142-151},  
}

@article{hybrid1,
 author = {Lee, Sang-Won and Park, Dong-Joo and Chung, Tae-Sun and Lee, Dong-Ho and Park, Sangwon and Song, Ha-Joo},
 title = {{A Log Buffer-based Flash Translation Layer Using Fully-associative Sector Translation}},
 journal = {ACM Transactions on Embedded Computing Systems},
 volume = {6},
 number = {3},
 year = {2007},
} 

@inproceedings{kangaroo,
  title={Kangaroo: Caching billions of tiny objects on flash},
  author={McAllister, Sara and Berg, Benjamin and Tutuncu-Macias, Julian and Yang, Juncheng and Gunasekar, Sathya and Lu, Jimmy and Berger, Daniel S and Beckmann, Nathan and Ganger, Gregory R},
  booktitle={Proceedings of the ACM SIGOPS Symposium on Operating Systems Principles},
  pages={243--262},
  year={2021}
}

@article{bluecache,
author = {Xu, Shuotao and Lee, Sungjin and Jun, Sang-Woo and Liu, Ming and Hicks, Jamey and Arvind},
title = {{Bluecache: A Scalable Distributed Flash-Based Key-Value Store}},
year = {2016},
volume = {10},
number = {4},
  journal={VLDB Endowment},
pages = {301–312},
}

@article{utree,
  title={{uTree: a persistent B+-tree with low tail latency}},
  author={Chen, Youmin and Lu, Youyou and Fang, Kedong and Wang, Qing and Shu, Jiwu},
  journal={VLDB Endowment},
  volume={13},
  number={12},
  pages={2634--2648},
  year={2020},
}

@misc{dram-bw,
	author = {{Wikipedia}},
	title = {{List of interface bit rates}},
	HOWPUBLISHED = {\url{https://en.wikipedia.org/wiki/List_of_interface_bit_rates}},
}

@misc{fio,
    title={{FIO: Flexible I/O tester synthetic benchmark}},
    author={Axboe and Jens},
    year={2005},
    HOWPUBLISHED = {\url{https://github.com/axboe/fio}},
}

@misc{rocksdb,
	title = {{RocksDB: A persistent key-value store for fast storage environments}},
	author = {Facebook Inc.},
	year={2013},
	HOWPUBLISHED = {\url{https://rocksdb.org}},
}

@misc{leveldb,
	title = {{LevelDB}},
	author = {Sanjay Ghemawat and Jeff Dean},
	year={2011},
	HOWPUBLISHED = {\url{https://github.com/google/leveldb}},
}

@misc{cachelib,
	author = {Facebook Inc.},
	title = {{CacheLib}},
	year="2020",
	HOWPUBLISHED = {\url{https://cachelib.org/}}
}

@misc{K5-Cloud,
	author = {SNIA},
	title = {{Traces from Analysis of commercial cloud workload and study on how to apply cache methods by Kazuichi Oe et al.}},
	HOWPUBLISHED = {\url{https://www.iotta.snia.org/tracetypes/4}}
}

@inproceedings{ycsb,
	title={{Benchmarking Cloud Serving Systems with YCSB}},
	author={Cooper, Brian F and Silberstein, Adam and Tam, Erwin and Ramakrishnan, Raghu and Sears, Russell},
	booktitle={Proceedings of the ACM symposium on Cloud computing},
	pages={143--154},
	year={2010}
}

@article{lsm-tree,
	title={{The log-structured merge-tree (LSM-tree)}},
	author={O’Neil, Patrick and Cheng, Edward and Gawlick, Dieter and O’Neil, Elizabeth},
	journal={Acta Informatica},
	volume={33},
	number={4},
	pages={351--385},
	year={1996}
}

@article{filebench,
	title={{Filebench: A flexible framework for file system benchmarking}},
	author={{Vasily Tarasov, Erez Zadok, and Spencer Shepler}},
	journal={USENIX ;login:},
	volume={41},
	number={1},
	pages={6--12},
	year={2016}
}

@inproceedings {suspension,
	author = {Shine Kim and Jonghyun Bae and Hakbeom Jang and Wenjing Jin and Jeonghun Gong and Seungyeon Lee and Tae Jun Ham and Jae W. Lee},
	title = {Practical Erase Suspension for Modern Low-latency SSDs},
	booktitle = {Proceedings of the USENIX Annual Technical Conference},
	year = {2019},
	pages = {813--820},
	url = {https://www.usenix.org/conference/atc19/presentation/kim-shine},
	publisher = {{USENIX} Association},
	month = "July"
}

@online{TPC-C,
	author = {Transaction processing performance council},
	year= "1990",
	title = {{TPC-C benchmark}},
	url={https://www.tpc.org/tpcc/}}

@misc{TPC-H,
	author = {Transaction processing performance council},
	title = {{TPC-H benchmark}},
	HOWPUBLISHED = {\url{https://www.tpc.org/tpch/}}
}

@misc{TPCC-MySQL,
	author = {Percona-Lab},
	title = {{TPCC-mysql benchmark}},
	HOWPUBLISHED = {\url{https://github.com/Percona-Lab/tpcc-mysql}}
}
@misc{cassandra,
	author = {Apache},
	title = {{Cassandra}},
	HOWPUBLISHED = {\url{https://cassandra.apache.org/}}
}
@manual{simd1,
	title={Introducing NEON™ Development Article},
author={ARM Limited},
	year={2009},
	month = "June"
}

@manual{simd2,
	title={Armv8-A Instruction Set Architecture},
	author={ARM Limited},
	year={2019},
	month = "June"
}

@article{waf/raf,
	author    = {Jayashree Mohan and Rohan Kadekodi and Vijay Chidambaram},
	title     = {Analyzing {IO} Amplification in Linux File Systems},
	journal   = {CoRR},
	volume    = {abs/1707.08514},
	year      = {2017},
	archivePrefix = {arXiv},
	bibsource = {dblp computer science bibliography, https://dblp.org}
}

@inproceedings{op-cal,
    author = {Desnoyers, Peter},
    title = {{Analytic Modeling of SSD Write Performance}},
    booktitle = {Proceedings of SYSTOR},
    year = {2012},
}
#booktitle = {Proceedings of the International Systems and Storage Conference},

@misc{100TB,
	author = {Nimbus Data},
	year={2022},
	title = {{ExaDrive DC100}},
	HOWPUBLISHED = {\url{https://nimbusdata.com/products/exadrive-platform/scalable-ssds/}},
}

@misc{test,
  author =       {Harry Thornburg},
  year =         {2001},
  title =        {{Introduction to Bayesian Statistics}},
  HOWPUBLISHED = {\url{http://ccrma.stanford.edu/~jos/bayes/bayes.html}},
}

@inproceedings{ddr4,
	author = {Daniel Skinner},
	author = {Kang, Jeong-Uk and Jo, Heeseung and Kim, Jin-Soo and Kim, Jin-Soo and Kim, Jin-Soo and Kim, Jin-Soo and Kim, Jin-Soo and Lee, Joonwon},
	title = {{LPDDR4 Moves Mobile}},
	booktitle={JEDEC Mobile Forum},
	year = {2013},
}

@inproceedings{ssd-design,
  title={{Design Tradeoffs for SSD Performance}},
  author={Agrawal, Nitin and Prabhakaran, Vijayan and Wobber, Ted and Davis, John D and Manasse, Mark S and Panigrahy, Rina},
  booktitle={Proceedings of USENIX ATC},
  year={2008}
}

#booktitle={Proceedings of the USENIX Annual Technical Conference},


@ARTICLE{dramsim2,
  author={P. {Rosenfeld} and E. {Cooper-Balis} and B. {Jacob}},
  journal={IEEE CAL}, 
  title={{DRAMSim2: A Cycle Accurate Memory System Simulator}}, 
  year={2011},
}
@article{plr3,
  title={{Maximum Error-Bounded Piecewise Linear Representation for Online Stream Approximation}},
  author={Xie, Qing and Pang, Chaoyi and Zhou, Xiaofang and Zhang, Xiangliang and Deng, Ke},
  journal={The VLDB journal},
  volume={23},
  number={6},
  pages={915--937},
  year={2014},
}

@inproceedings{bourbon,
  title={From wisckey to bourbon: A Learned Index for Log-Structured Merge Trees},
  author={Dai, Yifan and Xu, Yien and Ganesan, Aishwarya and Alagappan, Ramnatthan and Kroth, Brian and Arpaci-Dusseau, Andrea and Arpaci-Dusseau, Remzi},
  booktitle={Proceedings of the USENIX Symposium on Operating Systems Design and Implementation},
  pages={155--171},
  year={2020}
}

@inproceedings{wisckey,
    title={{WiscKey: Separating keys from values in SSD-conscious storage}},
    author={Lu, Lanyue and Pillai, Thanumalayan Sankaranarayana and Arpaci-Dusseau, Andrea C and Arpaci-Dusseau, Remzi H},     
    booktitle={Proceedings of the USENIX Conference on File and Storage Technologies},
    pages={133--148},
    year={2016},
}

@inproceedings{learned-index,
author = {Kraska, Tim and Beutel, Alex and Chi, Ed H. and Dean, Jeffrey and Polyzotis, Neoklis},
title = {{The Case for Learned Index Structures}},
year = {2018},
booktitle = {Proceedings of the International Conference on Management of Data},
pages = {489--504},
}

@inproceedings {geriatrix,
	author = {Saurabh Kadekodi and Vaishnavh Nagarajan and Gregory R. Ganger},
	title = {{Geriatrix: Aging what you see and what you don{\textquoteright}t see. A file system aging approach for modern storage systems}},
	booktitle = {Proceedings of the USENIX Annual Technical Conference},
	year = {2018},
	pages = {691--704},
}

@inproceedings{monkey,
	title={{Monkey: Optimal navigable key-value store}},
	author={Dayan, Niv and Athanassoulis, Manos and Idreos, Stratos},
	booktitle={Proceedings of the ACM SIGMOD International Conference on Management of Data},
	pages={79--94},
	year={2017},
}

@inproceedings{blsm,
    title={{bLSM: A general purpose log structured merge tree}},
    author={Sears, Russell and Ramakrishnan, Raghu},
    booktitle={Proceedings of the ACM International Conference on Management of Data},
    pages={217--228},
    year={2012},
}

@article{48bit,
  title={Information Technology-AT Attachment with Packet Interface-6 (ATA/ATAPI-6)},
  author={T13 Technical Committee and others},
  journal={Revision 1e},
  year={2001}
}
@article{LAST,
author = {Lee, Sungjin and Shin, Dongkun and Kim, Young-Jin and Kim, Jihong},
title = {{LAST: Locality-Aware Sector Translation for NAND Flash Memory-Based Storage Systems}},
year = {2008},
volume = {42},
number = {6},
journal = {ACM SIGOPS Operating Systems Review},
pages = {36--42},
}

@article{FAST,
author = {Lee, Sang-Won and Park, Dong-Joo and Chung, Tae-Sun and Lee, Dong-Ho and Park, Sangwon and Song, Ha-Joo},
title = {A Log Buffer-Based Flash Translation Layer Using Fully-Associative Sector Translation},
year = "2007",
volume = {6},
number = {3},
journal = {ACM Transactions on Embedded Computing Systems},
}

@inproceedings{pebblesdb,
  title={{Pebblesdb: Building key-value stores using fragmented log-structured merge trees}},
  author={Raju, Pandian and Kadekodi, Rohan and Chidambaram, Vijay and Abraham, Ittai},
  booktitle={Proceedings of the Symposium on Operating Systems Principles},
  pages={497--514},
  year={2017}
}
@article{slimdb,
  title={{SlimDB: A Space-Efficient Key-Value Storage Engine for Semi-Sorted Data}},
  author={Ren, Kai and Zheng, Qing and Arulraj, Joy and Gibson, Garth},
  journal={VLDB Endowment},
  volume={10},
  number={13},
  pages={2037--2048},
  year={2017},
}
@book{postgresql,
  title={PostgreSQL: a comprehensive guide to building, programming, and administering PostgresSQL databases},
  author={Douglas, Korry and Douglas, Susan},
  year={2003},
  publisher={SAMS publishing}
}

@article{graphcache,
  title={Graphcache: A caching system for graph queries},
  author={Wang, Jing and Ntarmos, Nikos and Triantafillou, Peter},
  year={2017}
}

@inproceedings{ilsm,
  title={{iLSM-SSD: An intelligent LSM-tree based key-value SSD for data analytics}},
  author={Lee, Chang-Gyu and Kang, Hyeongu and Park, Donggyu and Park, Sungyong and Kim, Youngjae and Noh, Jungki and Chung, Woosuk and Park, Kyoung},
  booktitle={Proceedings of IEEE International Symposium on Modeling, Analysis, and Simulation of Computer and Telecommunication Systems},
  pages={384--395},
  year={2019},
}

@inproceedings{pink,
  title={PinK: High-speed In-storage Key-value Store with Bounded Tails},
  author={Im, Junsu and Bae, Jinwook and Chung, Chanwoo and Lee, Sungjin and others},
  booktitle={Proceedings of the USENIX Annual Technical Conference},
  pages={173--187},
  year={2020}
}


@article{flexibleFTL,
author = {Park, Chanik and Cheon, Wonmoon and Kang, Jeonguk and Roh, Kangho and Cho, Wonhee and Kim, Jin-Soo},
title = {{A Reconfigurable FTL (Flash Translation Layer) Architecture for NAND Flash-Based Applications}},
year = {2008},
volume = {7},
number = {4},
journal = {ACM Transactions on Embedded Computing Systems},
}

@inproceedings{superblockFTL,
author = {Kang, Jeong-Uk and Jo, Heeseung and Kim, Jin-Soo and Lee, Joonwon},
title = {{A Superblock-Based Flash Translation Layer for NAND Flash Memory}},
year = {2006},
booktitle = {Proceedings of the ACM \& IEEE International Conference on Embedded Software},
pages = {161–170},
}

@article{FTL-basic,
  title={Algorithms and data structures for flash memories},
  author={Gal, Eran and Toledo, Sivan},
  journal={ACM Computing Surveys (CSUR)},
  volume={37},
  number={2},
  pages={138--163},
  year={2005},
  publisher={ACM New York, NY, USA}
}

@inproceedings{ubifs,
  title={{Abstract specification of the UBIFS file system for flash memory}},
  author={Schierl, Andreas and Schellhorn, Gerhard and Haneberg, Dominik and Reif, Wolfgang},
  booktitle={International Symposium on Formal Methods},
  pages={190--206},
  year={2009},
}
@book{flash-based-ssd,
    title={Operating systems: Three easy pieces, Flash-based SSDs},
    author={Arpaci-Dusseau, Remzi H and Arpaci-Dusseau, Andrea C},
    year={2019},
    edition =      {1.01},
    publisher =    {Arpaci-Dusseau Books},
}

@inproceedings{wandering-f2fs,
  title={{F2FS: A New File System for Flash Storage}},
  author={Lee, Changman and Sim, Dongho and Hwang, Jooyoung and Cho, Sangyeun},
  booktitle = {Proceedings of the USENIX Conference on File and Storage Technologies},
  pages={273--286},
  year={2015}
}

@inproceedings{wandering-b+,
  title={An improved b+ tree for flash file systems},
  author={Havasi, Ferenc},
  booktitle={International Conference on Current Trends in Theory and Practice of Computer Science},
  pages={297--307},
  year={2011},
}

@INPROCEEDINGS{spartan,
  author={Lee, Hyeon Gyu and Lee, Juwon and Kim, Minwook and Shin, Donghwa and Lee, Sungjin and Kim, Bryan S. and Lee, Eunji and Min, Sang Lyul},
  booktitle={2021 IEEE/ACM International Symposium on Low Power Electronics and Design (ISLPED)}, 
  title={SpartanSSD: a Reliable SSD under Capacitance Constraints}, 
  year={2021},
  volume={},
  number={},
  pages={1-6},
  doi={10.1109/ISLPED52811.2021.9502476}}
  
@inproceedings{geckoFTL,
author = {Dayan, Niv and Bonnet, Philippe and Idreos, Stratos},
title = {{GeckoFTL: Scalable Flash Translation Techniques For Very Large Flash Devices}},
year = {2016},
booktitle={Proceedings of the ACM SIGMOD International Conference on Management of Data},
pages = {327–342},

}

@inproceedings{alex-plr,
author = {Ding, Jialin and Minhas, Umar Farooq and Yu, Jia and Wang, Chi and Do, Jaeyoung and Li, Yinan and Zhang, Hantian and Chandramouli, Badrish and Gehrke, Johannes and Kossmann, Donald and Lomet, David and Kraska, Tim},
title = {{ALEX: An Updatable Adaptive Learned Index}},
year = {2020},
pages = {969–984},
booktitle={Proceedings of the ACM SIGMOD International Conference on Management of Data},

}

@inproceedings{dostoevsky,
author = {Dayan, Niv and Idreos, Stratos},
title = {{Dostoevsky: Better Space-Time Trade-Offs for LSM-Tree Based Key-Value Stores via Adaptive Removal of Superfluous Merging}},
year = {2018},
booktitle={Proceedings of the ACM SIGMOD International Conference on Management of Data},
pages = {505–520},
}

@inproceedings{zns-ssd,
  title={{ZNS: Avoiding the Block Interface Tax for Flash-based SSDs}},
  author={Bj{\o}rling, Matias and Aghayev, Abutalib and Holmberg, Hans and Ramesh, Aravind and Le Moal, Damien and Ganger, Gregory R and Amvrosiadis, George},
  booktitle={Proceedings of the USENIX Annual Technical Conference},
  pages={689--703},
  year={2021}
}

#volume={10},
#number={1},
#pages={16-19},
#journal={IEEE Computer Architecture Letters}, 

